@article{bailenson2005digital,
  title={Digital chameleons automatic assimilation of nonverbal gestures in immersive virtual environments},
  author={Bailenson, Jeremy N and Yee, Nick},
  journal={Psychological science},
  volume={16},
  number={10},
  pages={814--819},
  year={2005},
  publisher={SAGE Publications}
}

@article{bargh2012substitutability,
  title={The substitutability of physical and social warmth in daily life.},
  author={Bargh, John A and Shalev, Idit},
  journal={Emotion},
  volume={12},
  number={1},
  pages={154},
  year={2012},
  publisher={American Psychological Association}
}

@article{bavelas1986show,
  title={" I show how you feel": Motor mimicry as a communicative act.},
  author={Bavelas, Janet B and Black, Alex and Lemery, Charles R and Mullett, Jennifer},
  journal={Journal of Personality and Social Psychology},
  volume={50},
  number={2},
  pages={322},
  year={1986},
  publisher={American Psychological Association}
}

@article{bourgeois2008impact,
  title={The impact of social context on mimicry},
  author={Bourgeois, Patrick and Hess, Ursula},
  journal={Biological psychology},
  volume={77},
  number={3},
  pages={343--352},
  year={2008},
  publisher={Elsevier}
}

@article{chartrand1999chameleon,
  title={The chameleon effect: The perception--behavior link and social interaction.},
  author={Chartrand, Tanya L and Bargh, John A},
  journal={Journal of personality and social psychology},
  volume={76},
  number={6},
  pages={893},
  year={1999},
  publisher={American Psychological Association}	}

@article{chartrand2005role,
  title={The role of conscious awareness in consumer behavior},
  author={Chartrand, Tanya L},
  journal={Journal of Consumer Psychology},
  volume={15},
  number={3},
  pages={203--210},
  year={2005},
  publisher={Elsevier}
}

@article{chartrand2013antecedents,
  title={The antecedents and consequences of human behavioral mimicry},
  author={Chartrand, Tanya L and Lakin, Jessica L},
  journal={Annual review of psychology},
  volume={64},
  pages={285--308},
  year={2013},
  publisher={Annual Reviews}
}

@article{drury2006effects,
  title={The effects of shared opinions on nonverbal mimicry},
  author={Drury, Meghann},
  year={2006}
}

@article{ehrenfeld2011reflections,
  title={Reflections on mirror neurons},
  author={Ehrenfeld, Temma},
  journal={Association for Psychological Science Observer},
  volume={24},
  number={3},
  year={2011}
}

@article{gueguen2011mimicry,
  title={Mimicry and helping behavior: an evaluation of mimicry on explicit helping request},
  author={Gu{\'e}guen, Nicolas and Martin, Ang{\'e}lique and Meineri, S{\'e}bastien},
  journal={The Journal of social psychology},
  volume={151},
  number={1},
  pages={1--4},
  year={2011},
  publisher={Taylor \& Francis}
}

@article{hofree2014bridging,
  title={Bridging the Mechanical and the Human Mind: Spontaneous Mimicry of a Physically Present Android},
  author={Hofree, Galit and Ruvolo, Paul and Bartlett, Marian Stewart and Winkielman, Piotr},
  journal={PloS one},
  volume={9},
  number={7},
  pages={e99934},
  year={2014},
  publisher={Public Library of Science}
}

@article{kavanagh2011s,
  title={When It’s an Error to Mirror The Surprising Reputational Costs of Mimicry},
  author={Kavanagh, Liam C and Suhler, Christopher L and Churchland, Patricia S and Winkielman, Piotr},
  journal={Psychological science},
  year={2011},
  publisher={Sage Publications}
}

@article{lakin2003chameleon,
  title={The chameleon effect as social glue: Evidence for the evolutionary significance of nonconscious mimicry},
  author={Lakin, Jessica L and Jefferis, Valerie E and Cheng, Clara Michelle and Chartrand, Tanya L},
  journal={Journal of nonverbal behavior},
  volume={27},
  number={3},
  pages={145--162},
  year={2003},
  publisher={Springer}
}

@article{lakin2003using,
  title={Using nonconscious behavioral mimicry to create affiliation and rapport},
  author={Lakin, Jessica L and Chartrand, Tanya L},
  journal={Psychological science},
  volume={14},
  number={4},
  pages={334--339},
  year={2003},
  publisher={SAGE Publications}
}

@article{leander2012you,
  title={You Give Me the Chills Embodied Reactions to Inappropriate Amounts of Behavioral Mimicry},
  author={Leander, N Pontus and Chartrand, Tanya L and Bargh, John A},
  journal={Psychological science},
  volume={23},
  number={7},
  pages={772--779},
  year={2012},
  publisher={Sage Publications}
}

@article{likowski2008modulation,
  title={Modulation of facial mimicry by attitudes},
  author={Likowski, Katja U and M{\"u}hlberger, Andreas and Seibt, Beate and Pauli, Paul and Weyers, Peter},
  journal={Journal of Experimental Social Psychology},
  volume={44},
  number={4},
  pages={1065--1072},
  year={2008},
  publisher={Elsevier}
}

@article{maddux2008chameleons,
  title={Chameleons bake bigger pies and take bigger pieces: Strategic behavioral mimicry facilitates negotiation outcomes},
  author={Maddux, William W and Mullen, Elizabeth and Galinsky, Adam D},
  journal={Journal of Experimental Social Psychology},
  volume={44},
  number={2},
  pages={461--468},
  year={2008},
  publisher={Elsevier}
}

@article{mcintosh2006social,
  title={When the social mirror breaks: deficits in automatic, but not voluntary, mimicry of emotional facial expressions in autism},
  author={McIntosh, Daniel N and Reichmann-Decker, Aimee and Winkielman, Piotr and Wilbarger, Julia L},
  journal={Developmental science},
  volume={9},
  number={3},
  pages={295--302},
  year={2006},
  publisher={Wiley Online Library}
}

@article{oberman2007eeg,
  title={EEG evidence for mirror neuron activity during the observation of human and robot actions: Toward an analysis of the human qualities of interactive robots},
  author={Oberman, Lindsay M and McCleery, Joseph P and Ramachandran, Vilayanur S and Pineda, Jaime A},
  journal={Neurocomputing},
  volume={70},
  number={13},
  pages={2194--2203},
  year={2007},
  publisher={Elsevier}
}

@article{riek2010my,
  title={When my robot smiles at me: Enabling human-robot rapport via real-time head gesture mimicry},
  author={Riek, Laurel D and Paul, Philip C and Robinson, Peter},
  journal={Journal on Multimodal User Interfaces},
  volume={3},
  number={1-2},
  pages={99--108},
  year={2010},
  publisher={Springer}
}

@article{stel2010mimicking,
  title={Mimicking disliked others: Effects of a priori liking on the mimicry-liking link},
  author={Stel, Mari{\"e}lle and Blascovich, Jim and McCall, Cade and Mastop, Jessanne and Van Baaren, Rick B and Vonk, Roos},
  journal={European Journal of Social Psychology},
  volume={40},
  number={5},
  pages={867--880},
  year={2010},
  publisher={Wiley Online Library}
}

@article{stel2010mimicry,
  title={Mimicry in social interaction: Benefits for mimickers, mimickees, and their interaction},
  author={Stel, Mari{\"e}lle and Vonk, Roos},
  journal={British Journal of Psychology},
  volume={101},
  number={2},
  pages={311--323},
  year={2010},
  publisher={Wiley Online Library}
}

@article{swaab2011early,
  title={Early words that work: When and how virtual linguistic mimicry facilitates negotiation outcomes},
  author={Swaab, Roderick I and Maddux, William W and Sinaceur, Marwan},
  journal={Journal of Experimental Social Psychology},
  volume={47},
  number={3},
  pages={616--621},
  year={2011},
  publisher={Elsevier}
}

@article{tia2011does,
  title={Does observation of postural imbalance induce a postural reaction?},
  author={Tia, Banty and Saimpont, Arnaud and Paizis, Christos and Mourey, France and Fadiga, Luciano and Pozzo, Thierry},
  journal={PloS one},
  volume={6},
  number={3},
  pages={e17799},
  year={2011},
  publisher={Public Library of Science}
}

@article{yabar2006implicit,
  title={Implicit behavioral mimicry: Investigating the impact of group membership},
  author={Yabar, Yanelia and Johnston, Lucy and Miles, Lynden and Peace, Victoria},
  journal={Journal of Nonverbal Behavior},
  volume={30},
  number={3},
  pages={97--113},
  year={2006},
  publisher={Springer}
}

@inproceedings{riek2008real,
  title={Real-time empathy: Facial mimicry on a robot},
  author={Riek, Laurel D and Robinson, Peter},
  booktitle={Workshop on Affective Interaction in Natural Environments (AFFINE) at the International ACM Conference on Multimodal Interfaces (ICMI 08). ACM},
  year={2008}
}

@article{tiedens2003power,
  title={Power moves: complementarity in dominant and submissive nonverbal behavior.},
  author={Tiedens, Larissa Z and Fragale, Alison R},
  journal={Journal of personality and social psychology},
  volume={84},
  number={3},
  pages={558},
  year={2003},
  publisher={American Psychological Association}
}

@article{white2011imitation,
  title={When imitation doesn’t flatter: The role of consumer distinctiveness in responses to mimicry},
  author={White, Katherine and Argo, Jennifer J},
  journal={Journal of Consumer Research},
  volume={38},
  number={4},
  pages={667--680},
  year={2011},
  publisher={JSTOR}
}

@article{zhong2008cold,
  title={Cold and Lonely Does Social Exclusion Literally Feel Cold?},
  author={Zhong, Chen-Bo and Leonardelli, Geoffrey J},
  journal={Psychological Science},
  volume={19},
  number={9},
  pages={838--842},
  year={2008},
  publisher={SAGE Publications}
}

@Manual{naodocumentation,
title = {Nao Documentation},
}



